@article{liamThung,
    author =       "Liam Thung",
    title =        "Google's DeepMind artificial intelligence aces Atari  gaming challenge",
    year =         "2015",
    DOI =          "http://www.zdnet.com/article/googles-deepmind-artificial-intelligence-aces-atari-gaming-challenge/"
}

@article{liatClark,
    author =       "Liat Clark",
    title =        "Deepmind's AI is an Atari Gaming Pro now",
    year =         "2015",
    DOI =          "http://www.wired.co.uk/news/archive/2015-02/25/google-deepmind-atari"
}

@book{sutton1998reinforcement,
  title={Reinforcement learning: An introduction},
  author={Sutton, Richard S and Barto, Andrew G},
  volume={1},
  number={1},
  year={1998},
  publisher={MIT press Cambridge}
}
